@article{kotnik2019membrane,
  title={Membrane electroporation and electropermeabilization: mechanisms and models},
  author={Kotnik, Tadej and Rems, Lea and Tarek, Mounir and Miklav{\v{c}}i{\v{c}}, Damijan},
  journal={Annual review of biophysics},
  volume={48},
  pages={63--91},
  year={2019},
  publisher={Annual Reviews}
}

@article{b3,
  title={Nanostraw--electroporation system for highly efficient intracellular delivery and transfection},
  author={Xie, Xi and Xu, Alexander M and Leal-Ortiz, Sergio and Cao, Yuhong and Garner, Craig C and Melosh, Nicholas A},
  journal={ACS nano},
  volume={7},
  number={5},
  pages={4351--4358},
  year={2013},
  publisher={ACS Publications}
}

@article{a2010electroporation,
  title={Electroporation: an avenue for transdermal drug delivery},
  author={A Charoo, Naseem and Rahman, Ziyaur and A Repka, Michael and N Murthy, S},
  journal={Current Drug Delivery},
  volume={7},
  number={2},
  pages={125--136},
  year={2010},
  publisher={Bentham Science Publishers}
}

@article{yarmush2014electroporation,
  title={Electroporation-based technologies for medicine: principles, applications, and challenges},
  author={Yarmush, Martin L and Golberg, Alexander and Ser{\v{s}}a, Gregor and Kotnik, Tadej and Miklav{\v{c}}i{\v{c}}, Damijan},
  journal={Annual review of biomedical engineering},
  volume={16},
  pages={295--320},
  year={2014},
  publisher={Annual Reviews}
}
@article{cao2019nontoxic,
  title={Nontoxic nanopore electroporation for effective intracellular delivery of biological macromolecules},
  author={Cao, Yuhong and Ma, Enbo and Cestellos-Blanco, Stefano and Zhang, Bei and Qiu, Ruoyi and Su, Yude and Doudna, Jennifer A and Yang, Peidong},
  journal={Proceedings of the National Academy of Sciences},
  volume={116},
  number={16},
  pages={7899--7904},
  year={2019},
  publisher={National Acad Sciences}
}
@article{golberg2010use,
  title={The use of irreversible electroporation in food preservation},
  author={Golberg, Alex and Fischer, Judith and Rubinsky, Boris},
  journal={irreversible electroporation},
  pages={273--312},
  year={2010},
  publisher={Springer}
}
@article{rebervsek2011advantages,
  title={Advantages and disadvantages of different concepts of electroporation pulse generation},
  author={Reber{\v{s}}ek, Matej and Miklav{\v{c}}i{\v{c}}, Damijan},
  journal={Automatika},
  volume={52},
  number={1},
  pages={12--19},
  year={2011},
  publisher={Taylor \& Francis}
}
@article{smith2014emergence,
  title={Emergence of a large pore subpopulation during electroporating pulses},
  author={Smith, Kyle C and Son, Reuben S and Gowrishankar, TR and Weaver, James C},
  journal={Bioelectrochemistry},
  volume={100},
  pages={3--10},
  year={2014},
  publisher={Elsevier}
}
@article{mescia2017modeling,
  title={Modeling of electroporation induced by pulsed electric fields in irregularly shaped cells},
  author={Mescia, Luciano and Chiapperino, Michele A and Bia, Pietro and Gielis, Johan and Caratelli, Diego},
  journal={IEEE Transactions on Biomedical Engineering},
  volume={65},
  number={2},
  pages={414--423},
  year={2017},
  publisher={IEEE}
}
@article{medlock2017cancer,
  title={Cancer bioimprinting and cell shape recognition for diagnosis and targeted treatment},
  author={Medlock, Jevan and Das, Anupam AK and Madden, Leigh A and Allsup, David J and Paunov, Vesselin N},
  journal={Chemical Society Reviews},
  volume={46},
  number={16},
  pages={5110--5127},
  year={2017},
  publisher={Royal Society of Chemistry}
}
@article{gowrishankar2003approach,
  title={An approach to electrical modeling of single and multiple cells},
  author={Gowrishankar, Thiruvallur R and Weaver, James C},
  journal={Proceedings of the National Academy of Sciences},
  volume={100},
  number={6},
  pages={3203--3208},
  year={2003},
  publisher={National Acad Sciences}
}
@article{stewart2004transport,
  title={Transport lattice approach to describing cell electroporation: use of a local asymptotic model},
  author={Stewart, Donald A and Gowrishankar, TR and Weaver, James C},
  journal={IEEE Transactions on Plasma Science},
  volume={32},
  number={4},
  pages={1696--1708},
  year={2004},
  publisher={IEEE}
}
@article{powell1986transient,
  title={Transient aqueous pores in bilayer membranes: a statistical theory},
  author={Powell, Kevin T and Weaver, James C},
  journal={Bioelectrochemistry and Bioenergetics},
  volume={15},
  number={2},
  pages={211--227},
  year={1986},
  publisher={Elsevier}
}

@article{smith2008active,
  title={Active mechanisms are needed to describe cell responses to submicrosecond, megavolt-per-meter pulses: cell models for ultrashort pulses},
  author={Smith, Kyle C and Weaver, James C},
  journal={Biophysical journal},
  volume={95},
  number={4},
  pages={1547--1563},
  year={2008},
  publisher={Elsevier}
}
@article{mescia2017modeling,
  title={Modeling of electroporation induced by pulsed electric fields in irregularly shaped cells},
  author={Mescia, Luciano and Chiapperino, Michele A and Bia, Pietro and Gielis, Johan and Caratelli, Diego},
  journal={IEEE Transactions on Biomedical Engineering},
  volume={65},
  number={2},
  pages={414--423},
  year={2017},
  publisher={IEEE}
}
@phdthesis{smith2006modeling,
  title={Modeling cell and tissue electroporation},
  author={Smith, Kyle Christopher},
  year={2006},
  school={Massachusetts Institute of Technology}
}